<record><leader>00000cas a2200000 a 4500</leader><controlfield tag="001">45743977</controlfield><controlfield tag="008">010118d20002009nyuwr ne      0   a0eng c</controlfield><controlfield tag="009">1313</controlfield><datafield ind1=" " ind2=" " tag="010"><subfield code="a">  2001235256</subfield></datafield><datafield ind1=" " ind2=" " tag="040"><subfield code="a">WIH</subfield><subfield code="b">eng</subfield><subfield code="c">WIH</subfield><subfield code="d">HLS</subfield><subfield code="d">DLC</subfield><subfield code="d">HLS</subfield><subfield code="d">OCLCQ</subfield><subfield code="d">DLC</subfield><subfield code="d">OCLCF</subfield></datafield><datafield ind1=" " ind2=" " tag="022"><subfield code="a">0745-5356</subfield><subfield code="l">0745-5356</subfield></datafield><datafield ind1="1" ind2=" " tag="029"><subfield code="a">AU@</subfield><subfield code="b">000022558118</subfield></datafield><datafield ind1=" " ind2=" " tag="037"><subfield code="b">The Jewish Week, Inc., 1501 Broadway, New York, N.Y. 10036</subfield></datafield><datafield ind1=" " ind2=" " tag="042"><subfield code="a">pcc</subfield></datafield><datafield ind1=" " ind2=" " tag="043"><subfield code="a">n-us-ny</subfield></datafield><datafield ind1="0" ind2="0" tag="050"><subfield code="a">AP92</subfield><subfield code="b">.N49</subfield></datafield><datafield ind1="0" ind2=" " tag="130"><subfield code="a">New York Jewish week (Queens ed.)</subfield></datafield><datafield ind1="1" ind2="4" tag="245"><subfield code="a">The New York Jewish week.</subfield></datafield><datafield ind1="3" ind2="0" tag="246"><subfield code="a">Jewish week</subfield></datafield><datafield ind1=" " ind2=" " tag="250"><subfield code="a">Queens ed.</subfield></datafield><datafield ind1=" " ind2=" " tag="260"><subfield code="a">New York, N.Y. :</subfield><subfield code="b">The Jewish Week, Inc.,</subfield><subfield code="c">c2000-</subfield></datafield><datafield ind1=" " ind2=" " tag="300"><subfield code="a">v. :</subfield><subfield code="b">ill. ;</subfield><subfield code="c">37 cm.</subfield></datafield><datafield ind1=" " ind2=" " tag="310"><subfield code="a">Weekly, with an additional issue in Dec.</subfield></datafield><datafield ind1="0" ind2=" " tag="362"><subfield code="a">Vol. 213, no. 24 (Dec. 1, 2000)-v.221, no. 48 (Apr. 24, 2009).</subfield></datafield><datafield ind1=" " ind2=" " tag="500"><subfield code="a">Some issues also have a theme title.</subfield></datafield><datafield ind1=" " ind2=" " tag="525"><subfield code="a">Supplements accompany some issues.</subfield></datafield><datafield ind1=" " ind2=" " tag="580"><subfield code="a">Merged with: Long Island Jewish week, and: New York Jewish week (Brooklyn ed.), to form: New York Jewish week (Brooklyn, Queens, Long Island ed.).</subfield></datafield><datafield ind1=" " ind2="0" tag="650"><subfield code="a">Jewish newspapers</subfield><subfield code="z">New York (State)</subfield><subfield code="z">New York.</subfield></datafield><datafield ind1=" " ind2="0" tag="650"><subfield code="a">Jews</subfield><subfield code="x">Social life and customs</subfield><subfield code="v">Newspapers.</subfield></datafield><datafield ind1=" " ind2="0" tag="651"><subfield code="a">Queens (New York, N.Y.)</subfield><subfield code="v">Newspapers.</subfield></datafield><datafield ind1=" " ind2="7" tag="655"><subfield code="a">Newspapers.</subfield><subfield code="2">fast</subfield><subfield code="0">(OCoLC)fst01423814</subfield></datafield><datafield ind1=" " ind2="7" tag="650"><subfield code="a">Jewish newspapers.</subfield><subfield code="2">fast</subfield><subfield code="0">(OCoLC)fst00982872</subfield></datafield><datafield ind1=" " ind2="7" tag="650"><subfield code="a">Jews</subfield><subfield code="x">Social life and customs.</subfield><subfield code="2">fast</subfield><subfield code="0">(OCoLC)fst00983364</subfield></datafield><datafield ind1=" " ind2="7" tag="651"><subfield code="a">New York (State)</subfield><subfield code="z">New York.</subfield><subfield code="2">fast</subfield><subfield code="0">(OCoLC)fst01204333</subfield></datafield><datafield ind1=" " ind2="7" tag="651"><subfield code="a">New York (State)</subfield><subfield code="z">New York</subfield><subfield code="z">Queens.</subfield><subfield code="2">fast</subfield><subfield code="0">(OCoLC)fst01313007</subfield></datafield><datafield ind1=" " ind2=" " tag="752"><subfield code="a">United States</subfield><subfield code="b">New York</subfield><subfield code="d">New York.</subfield></datafield><datafield ind1="1" ind2=" " tag="775"><subfield code="t">New York Jewish week</subfield><subfield code="w">(DLC)   83642782</subfield><subfield code="w">(OCoLC)09144716</subfield></datafield><datafield ind1="0" ind2="0" tag="780"><subfield code="t">Queens Jewish week</subfield><subfield code="x">0885-9094</subfield><subfield code="w">(DLC)sn 85004856</subfield><subfield code="w">(OCoLC)12590050</subfield></datafield><datafield ind1="1" ind2="7" tag="785"><subfield code="t">Long Island Jewish week</subfield><subfield code="x">0745-5607</subfield><subfield code="w">(DLC)sn 83002045</subfield><subfield code="w">(OCoLC)9285891</subfield></datafield><datafield ind1="1" ind2="7" tag="785"><subfield code="t">New York Jewish week (Brooklyn ed.)</subfield><subfield code="w">(OCoLC)162589533</subfield></datafield><datafield ind1="1" ind2="7" tag="785"><subfield code="t">New York Jewish week (Brooklyn, Queens, Long Island ed.)</subfield><subfield code="w">(DLC)  2011218524</subfield><subfield code="w">(OCoLC)733760926</subfield></datafield><datafield ind1=" " ind2=" " tag="850"><subfield code="a">DLC</subfield></datafield></record>